<record><leader>00000cas a22000007a 4500</leader><controlfield tag="001">50767534</controlfield><controlfield tag="008">021011d189u190uctuwr ne      0    0eng d</controlfield><datafield ind1=" " ind2=" " tag="010"><subfield code="a">sn2002061002</subfield></datafield><datafield ind1=" " ind2=" " tag="040"><subfield code="a">CNW</subfield><subfield code="b">eng</subfield><subfield code="c">CNW</subfield><subfield code="d">OCLCQ</subfield><subfield code="d">OCLCF</subfield><subfield code="d">OCLCO</subfield></datafield><datafield ind1="1" ind2=" " tag="029"><subfield code="a">AU@</subfield><subfield code="b">000024151218</subfield></datafield><datafield ind1=" " ind2=" " tag="042"><subfield code="a">msc</subfield></datafield><datafield ind1=" " ind2=" " tag="043"><subfield code="a">n-us-ct</subfield></datafield><datafield ind1="0" ind2="4" tag="245"><subfield code="a">The Noank pioneer.</subfield></datafield><datafield ind1="1" ind2="3" tag="246"><subfield code="a">Weekly review and Noank pioneer</subfield><subfield code="f">&lt;Feb. 1, 1901&gt;</subfield></datafield><datafield ind1=" " ind2=" " tag="260"><subfield code="a">Noank, Conn. :</subfield><subfield code="b">W.P. Allis</subfield></datafield><datafield ind1=" " ind2=" " tag="300"><subfield code="a">v.</subfield></datafield><datafield ind1=" " ind2=" " tag="310"><subfield code="a">Weekly</subfield></datafield><datafield ind1=" " ind2=" " tag="500"><subfield code="a">Published in New London, Conn., &lt;Feb. 1, 1901&gt;.</subfield></datafield><datafield ind1=" " ind2=" " tag="515"><subfield code="a">Numbering changes: &lt;Vol. 8, no. 5 (Feb. 1, 1901)&gt;.</subfield></datafield><datafield ind1=" " ind2=" " tag="588"><subfield code="a">Description based on: Vol. 2, whole no. 93 (Nov. 17, 1893).</subfield></datafield><datafield ind1=" " ind2="0" tag="651"><subfield code="a">Groton (Conn.)</subfield><subfield code="v">Newspapers.</subfield></datafield><datafield ind1=" " ind2="0" tag="651"><subfield code="a">Noank (Conn.)</subfield><subfield code="v">Newspapers.</subfield></datafield><datafield ind1=" " ind2="7" tag="655"><subfield code="a">Newspapers.</subfield><subfield code="2">fast</subfield><subfield code="0">(OCoLC)fst01423814</subfield></datafield><datafield ind1=" " ind2="7" tag="651"><subfield code="a">Connecticut</subfield><subfield code="z">Groton.</subfield><subfield code="2">fast</subfield><subfield code="0">(OCoLC)fst01215072</subfield></datafield><datafield ind1=" " ind2="7" tag="651"><subfield code="a">Connecticut</subfield><subfield code="z">Noank.</subfield><subfield code="2">fast</subfield><subfield code="0">(OCoLC)fst01226340</subfield></datafield><datafield ind1=" " ind2=" " tag="752"><subfield code="a">United States</subfield><subfield code="b">Connecticut</subfield><subfield code="c">New London</subfield><subfield code="d">New London.</subfield></datafield><datafield ind1="1" ind2=" " tag="775"><subfield code="t">Weekly review (Groton, Conn.)</subfield><subfield code="w">(DLC)sn 93053822</subfield><subfield code="w">(OCoLC)27703995</subfield></datafield></record>